@inproceedings{qlpaper,
  title={QL: Object-oriented queries on relational data},
  author={Avgustinov, Pavel and De Moor, Oege and Jones, Michael Peyton and Sch{\"a}fer, Max},
  booktitle={30th European Conference on Object-Oriented Programming (ECOOP 2016)},
  year={2016},
  organization={Schloss Dagstuhl-Leibniz-Zentrum fuer Informatik}
}
